@article{hogan1985impedance,
  title={Impedance control: An approach to manipulation: Part IIâ€”Implementation},
  author={Hogan, Neville},
  journal={Journal of dynamic systems, measurement, and control},
  volume={107},
  number={1},
  pages={8--16},
  year={1985},
  publisher={American Society of Mechanical Engineers}
}

@article{butepage2017human,
  title={Human-Robot Collaboration: From Psychology to Social Robotics},
  author={B{\"u}tepage, Judith and Kragic, Danica},
  journal={arXiv preprint arXiv:1705.10146},
  year={2017}
}

@article{argall2009survey,
  title={A survey of robot learning from demonstration},
  author={Argall, Brenna D and Chernova, Sonia and Veloso, Manuela and Browning, Brett},
  journal={Robotics and autonomous systems},
  volume={57},
  number={5},
  pages={469--483},
  year={2009},
  publisher={Elsevier}
}

@article{jarrasse2012framework,
  title={A framework to describe, analyze and generate interactive motor behaviors},
  author={Jarrass{\'e}, Nathana{\"e}l and Charalambous, Themistoklis and Burdet, Etienne},
  journal={PloS one},
  volume={7},
  number={11},
  pages={e49945},
  year={2012},
  publisher={Public Library of Science}
}

@inproceedings{reed2006haptic,
  title={Haptic cooperation between people, and between people and machines},
  author={Reed, Kyle B and Peshkin, Michael and Hartmann, Mitra J and Patton, James and Vishton, Peter M and Grabowecky, Marcia},
  booktitle={Intelligent Robots and Systems, 2006 IEEE/RSJ International Conference on},
  pages={2109--2114},
  year={2006},
  organization={Ieee}
}

@article{reed2008physical,
  title={Physical collaboration of human-human and human-robot teams},
  author={Reed, Kyle B and Peshkin, Michael A},
  journal={IEEE Transactions on Haptics},
  volume={1},
  number={2},
  pages={108--120},
  year={2008},
  publisher={IEEE}
}

@article{fox1997dynamic,
  title={The dynamic window approach to collision avoidance},
  author={Fox, Dieter and Burgard, Wolfram and Thrun, Sebastian},
  journal={IEEE Robotics \& Automation Magazine},
  volume={4},
  number={1},
  pages={23--33},
  year={1997},
  publisher={IEEE}
}

@article{fiorini1998motion,
  title={Motion planning in dynamic environments using velocity obstacles},
  author={Fiorini, Paolo and Shiller, Zvi},
  journal={The International Journal of Robotics Research},
  volume={17},
  number={7},
  pages={760--772},
  year={1998},
  publisher={Sage Publications Sage CA: Thousand Oaks, CA}
}

@article{siegwart2004autonomous,
  title={Autonomous mobile robots},
  author={Siegwart, Roland and Nourbakhsh, Illah R and Scaramuzza, Davide},
  journal={Massachusetts Institute of Technology},
  year={2004}
}

@article{nakamura1987task,
  title={Task-priority based redundancy control of robot manipulators},
  author={Nakamura, Yoshihiko and Hanafusa, Hideo and Yoshikawa, Tsuneo},
  journal={The International Journal of Robotics Research},
  volume={6},
  number={2},
  pages={3--15},
  year={1987},
  publisher={Sage Publications Sage UK: London, England}
}

@inproceedings{lawitzky2010load,
  title={Load sharing in human-robot cooperative manipulation},
  author={Lawitzky, Martin and M{\"o}rtl, Alexander and Hirche, Sandra},
  booktitle={RO-MAN, 2010 IEEE},
  pages={185--191},
  year={2010},
  organization={IEEE}
}

@inproceedings{evrard2009homotopy,
  title={Homotopy switching model for dyad haptic interaction in physical collaborative tasks},
  author={Evrard, Paul and Kheddar, Abderrahmane},
  booktitle={EuroHaptics conference, 2009 and Symposium on Haptic Interfaces for Virtual Environment and Teleoperator Systems. World Haptics 2009. Third Joint},
  pages={45--50},
  year={2009},
  organization={IEEE}
}

@inproceedings{tagliabue2017collaborative,
  title={Collaborative transportation using MAVs via passive force control},
  author={Tagliabue, Andrea and Kamel, Mina and Verling, Sebastian and Siegwart, Roland and Nieto, Juan},
  booktitle={Robotics and Automation (ICRA), 2017 IEEE International Conference on},
  pages={5766--5773},
  year={2017},
  organization={IEEE}
}

@inproceedings{ott2010unified,
  title={Unified impedance and admittance control},
  author={Ott, Christian and Mukherjee, Ranjan and Nakamura, Yoshihiko},
  booktitle={Robotics and Automation (ICRA), 2010 IEEE International Conference on},
  pages={554--561},
  year={2010},
  organization={IEEE}
}

@article{agravante2016human,
  title={Human-humanoid collaborative carrying},
  author={Agravante, Don Joven and Cherubini, Andrea and Sherikov, Alexander and Wieber, Pierre-Brice and Kheddar, Abderrahmane},
  year={2016}
}

@inproceedings{thobbi2011using,
  title={Using human motion estimation for human-robot cooperative manipulation},
  author={Thobbi, Anand and Gu, Ye and Sheng, Weihua},
  booktitle={Intelligent Robots and Systems (IROS), 2011 IEEE/RSJ International Conference on},
  pages={2873--2878},
  year={2011},
  organization={IEEE}
}



@misc{ridgeback,
  title = {Clearpath Ridgeback},
  howpublished = {\url{https://www.clearpathrobotics.com/ridgeback-indoor-robot-platform/}},
  note = {Accessed: 2018-08-31}
}

@misc{ur10,
  title = {Universal Robot 10},
  howpublished = {\url{https://www.universal-robots.com/products/ur10-robot/}},
  note = {Accessed: 2018-08-31}
}

@misc{robotiqGripper,
  title = {Robotiq three finger adaptive robot gripper},
  howpublished = {\url{https://robotiq.com/products/3-finger-adaptive-robot-gripper}},
  note = {Accessed: 2018-08-31}
}

@misc{robotiqFT300,
  title = {Robotiq FT 300},
  howpublished = {\url{https://robotiq.com/products/ft-300-force-torque-sensor}},
  note = {Accessed: 2018-08-31}
}

@misc{hokuyo,
  title = {Hokuyo UST-10LX},
  howpublished = {\url{https://www.hokuyo-usa.com/products/scanning-laser-rangefinders/ust-10lx}},
  note = {Accessed: 2018-08-31}
}

@misc{rosCostmap,
  title = {Costmap 2D},
  howpublished = {\url{http://wiki.ros.org/costmap_2d}}},
  note = {Accessed: 2018-08-31}
}

@misc{rosLaserscan,
  title = {LaserScan Message Definition},
  howpublished = {\url{http://docs.ros.org/indigo/api/sensor_msgs/html/msg/LaserScan.html}},
  note = {Accessed: 2018-08-31}
}

@misc{rosPose,
  title = {PoseStamped Message Definition},
  howpublished = {\url{http://docs.ros.org/indigo/api/geometry_msgs/html/msg/PoseStamped.html}},
  note = {Accessed: 2018-08-31}
}

@misc{rosTwist,
  title = {TwistStamped Message Definition},
  howpublished = {\url{http://docs.ros.org/indigo/api/geometry_msgs/html/msg/TwistStamped.html}},
  note = {Accessed: 2018-08-31}
}

@misc{rosWrench,
  title = {WrenchStamped Message Definition},
  howpublished = {\url{http://docs.ros.org/indigo/api/geometry_msgs/html/msg/WrenchStamped.html}},
  note = {Accessed: 2018-08-31}
}

@misc{rosJointTrajectory,
  title = {FollowJointTrajectory Action Definition},
  howpublished = {\url{http://docs.ros.org/api/control_msgs/html/action/FollowJointTrajectory.html}},
  note = {Accessed: 2018-08-31}
}


